<?xml version="1.0" encoding="UTF-8"?><collection xmlns="http://www.loc.gov/MARC21/slim"><record><leader>00491nam--2200181-i-4500</leader><controlfield tag="001">000036095</controlfield><controlfield tag="002">20161230</controlfield><controlfield tag="005">20161230201040</controlfield><controlfield tag="008">060222s1000------------r-----000-0-eng-d</controlfield><datafield ind1=" " ind2=" " tag="040"><subfield code="a">IFIN-HH</subfield></datafield><datafield ind1=" " ind2=" " tag="080"><subfield code="a">553.495</subfield></datafield><datafield ind1="1" ind2=" " tag="100"><subfield code="a">Nininger, Robert D</subfield></datafield><datafield ind1="1" ind2="0" tag="245"><subfield code="a">Minerals for atomic energy</subfield><subfield code="c">Robert d. nininger</subfield></datafield><datafield ind1=" " ind2=" " tag="250"><subfield code="a">Second Edition</subfield></datafield><datafield ind1=" " ind2=" " tag="260"><subfield code="a">Princenton, New Jersey</subfield><subfield code="b">D. Van Nostrand Company, Inc</subfield><subfield code="c">1956</subfield></datafield><datafield ind1=" " ind2=" " tag="300"><subfield code="a">XVI+399P</subfield></datafield><datafield ind1=" " ind2=" " tag="852"><subfield code="a">12262</subfield><subfield code="c">H.H</subfield></datafield><datafield ind1=" " ind2=" " tag="CAT"><subfield code="a">Sys</subfield><subfield code="c">20130327</subfield><subfield code="h">175232</subfield></datafield></record></collection>